@article{Aalto2019,
author={E.A. Aalto and F. Micheli and C.A.  Boch and J.A. Espinoza Montes and C.B. Wilson and G.A. {De Leo}},
title={Catastrophic Mortality, Allee Effects, and Marine Protected Areas},
journal={The American Naturalist},
volume={193},
number={3},
pages={391-408},
year={2019},
}

@book{Akhmerov1992,
author={R.R. Akhmerov and M.I. Kamenskii and A.S. Potapov and A.E. Rodkina and B.N. Sadovskii},
title={Measures of Noncompactness and Condensing Operators},
publisher={Birkh\"auser Verlag},
note={translated from the Russian by A. Iacob},
year={1992}
}

@article{Anselone1974,
author={P.M. Anselone and John W. Lee},
title={Spectral Properties of Integral Operators with Nonnegative Kernels},
journal={Linear Algebra and Its Applications},
volume={9},
pages={67-87},
year={1974},
}

@article{Bonsall1958,
author={F.F. Bonsall},
title={Linear Operators in Complete Positive Cones},
journal={Proceedings of the London Mathematical Society},
volume={3},
number={9},
pages={54-75},
year={1958},
}

@article{Briggs2010,
author={J. Briggs and K. Dabbs and M. Holm and J. Lubben and R. Rebarber and B. Tenhumberg},
title={Structured Population Dynamics: An Introduction to Integral Modeling},
journal={Mathematics Magazine},
volume={83},
pages={243-257},
year={2010},
}

@article{Browder1961,
author={F.E. Browder},
title={On the spectral theory of elliptic differential operators},
journal={Mathematische Annalen},
volume={142},
pages={22-130},
year={1961},
}

@article{Bruno2011,
author={J.F. Bruno and S.P. Ellner and I. Vu and K. Kim and C.D. Harvell},
title={Impacts of aspergillosis on sea fan coral demography: modeling a moving target},
journal={Ecological Monographs},
volume={81},
number={1},
pages={123-139},
year={2011}
}

@article{Callahan2019,
author={J. Callahan and E. Eager and R. Rebarber and E. Strawbridge and S. Yuan},
title={Analysis of a Length-Structured Density-Dependent Model for Fish},
journal={Bulletin of Mathematical Biology},
volume={81},
pages={3732-3753},
year={2019},
}

@book{Caswell2001,
author={Hal Caswell},
title={Matrix Population Models: construction, analysis, and interpretation},
edition={Second},
publisher={Sinauer Associates, Inc.},
year={2001},
}

@article{Childs2011,
author={D.Z. Childs and T.N. Coulson and J.M. Pemberton and T.H. Clutton-Brock and M. Rees},
title={Predicting trait values and measuring selection in complex life-histories: reproductive allocation decisions in Soay sheep},
journal={Ecology Letters},
volume={10},
pages={985-992},
year={2011}
}

@article{Childs2003,
author={D.Z. Childs and M. Rees and K.E. Rose and P.J. Grubb and S.P. Ellner},
title={Evolution of complex flowering strategies: an age- and size-structured integral projection model},
journal={Proceedings of the Royal Society B: Biological Sciences},
volume={270},
pages={1829-1838},
year={2003},
}

@article{Chizinski2010,
author={C.J. Chizinski and K.L. Pope and G.R. Wilde},
title={A modelling approach to evaluate potential management actions designed to increase growth of white perch in a high-density population},
journal={Fisheries Management and Ecology},
volume={17},
number={3},
pages={262-271},
year={2010},
}

@article{Coulson2011,
author={T.N. Coulson and D. MacNulty and D. Stahler and B. vonHoldt and R. Wayne and D. Smith},
title={Modeling effects of environmental change on wolf population dynamics, trait evolution, and life history},
journal={Science},
volume={334},
pages={1275-1278},
year={2011},
}


@book{Clement1987,
author={P. Cl\'{e}ment and {H.J.A.M.} Heijmans and S. Angenent and {C.J.} van Duijn and B. {de Pagter}},
title={One-Parameter Semigroups},
publisher={Elsevier Science Publishers B.V.},
year={1987},
}

@book{Conway1994,
author={John B. Conway},
title={A Course in Functional Analysis},
edition={Second},
publisher={Springer-Verlag, New York},
year={1994},
}

@book{Dunford1958,
author={N. Dunford and J.T. Schwartz},
title={Linear Operators, Part I: General Theory},
publisher={Interscience, New York},
year={1958}
}

@phdthesis{Easterling1998,
author={M.R. Easterling},
title={The integral projection model: theory, analysis, and application},
school={North Carolina State University},
year={1998},
}

@article{Eager2013,
author={E.A. Eager and C.V. Haridas and D. Pilson and R. Rebarber and B. Tenhumberg},
title={Disturbance frequency and vertical distribution of seeds affect long-term population dynamics: a mechanistic seed bank model},
journal={The American Naturalist},
volume={182},
number={2},
pages={180-190},
year={2013},
}

@book{Edmunds1987,
author={D.E. Edmunds and W.D. Evans},
title={Spectral Theory and Differential Operators},
publisher={Oxford University Press, New York},
year={1987},
}

@article{Edmunds1972,
author={D.E. Edmunds and A.J.B. Potter and C.A. Stuart},
title={Non-compact positive operators},
journal={Proceedings of the Royal Society. Series A: Mathematical and Physical Sciences},
volume={328},
number={1572},
pages={67-81},
year={1972},
}

@book{Ellner2016,
author={S.P. Ellner and D. Childs and M. Rees},
title={Data-driven modelling of structured populations: a practical guide to the integral projection model},
publisher={Springer, Switzerland},
year={2016},
}

@article{Ellner2006,
author={S.P. Ellner and M. Rees},
title={Integral Projection Models for Species with Complex Demography},
journal={The American Naturalist},
volume={167},
number={3},
pages={410-428},
year={2006},
}

@article{Guiver2018,
author={C. Guiver},
title={On the strict monotonicity of spectral radii for classes of bounded positive operators},
journal={Positivity},
volume={22},
pages={1173-1190},
year={2018},
}

@article{Hegland2010,
author={S.J. Hegland and E. Jongejans and K. Rydgren},
title={Investigating the interaction between ungulate grazing and resource effects on \emph{Vaccinium myrtillus} populations with integral projection models},
journal={Oecologia},
volume={163},
number={3},
pages={695-706},
year={2010},
}

@article{Jacquemyn2010,
author={H. Jacquemyn and R. Brys and E. Jongejans},
title={Size-dependent flowering and costs of reproduction affect population dynamics in a tuberous perennial woodland orchid},
journal={Journal of Ecology},
volume={98},
pages={1204-1215},
year={2010},
}

@article{Karlin1959,
author={Samuel Karlin},
title={Positive Operators},
journal={Journal of Mathematics and Mechanics},
volume={8},
number={6},
pages={907-937},
year={1959},
}

@book{Kras1989,
author={M.A. Krasnosel'skij and Je.A. Lifshits and A.V. Sobolev},
title={Positive Linear Systems: the Method of Positive Operators},
publisher={Heldermann Verlag, Berlin},
year={1989},
note={translated from the Russian by J\"urgen Appell},
}

@article{Krein1950,
author={M.G. Krein and M.A. Rutman},
title={Linear Operators Leaving Invariant a Cone in a Banach Space},
journal={American Mathematical Society Translations, Series 1},
volume={10},
pages={199-325},
year={1950},
}

@article{Lubben2009,
author={J. Lubben and D. Boeckner and R. Rebarber and S. Townley and B. Tenhumberg},
title={Parameterizing the growth-decline boundary for uncertain population projection models},
journal={Theoretical Population Biology},
volume={75},
pages={85-97},
year={2009},
}

@article{Marek1967,
author={Ivo Marek},
title={$u_0$-positive Operators and Some of Their Applications},
journal={SIAM Journal of Applied Mathematics},
volume={15},
number={3},
pages={484-494},
year={1967},
}

@article{Marek1970,
author={Ivo Marek},
title={Frobenius Theory of Positive Operators: Comparison Theorems and Applications},
journal={SIAM Journal of Applied Mathematics},
volume={19},
number={3},
pages={607-628},
year={1970}
}

@misc{MATLAB,
author={{The MathWorks Inc}},
title={MATLAB},
version={9.8.01323502 (R2020a)},
url={https://www.mathworks.com/products/matlab.html},
year={2020}
}

@article{Milardi2014,
author={M. Milardi and J. Lappalainen and T. Juntunen},
title={Variation in length, girth and weight of large northern pikes ({\textit{Esox Lucius}}) in Finland},
journal={Annales Zoologici Fennici},
volume={51},
number={3},
pages={335-339},
year={2014},
}


@article{Miller2012,
author={T.E.X. Miller and J.L. Williams and E. Jongejans and R. Brys and H. Jacquemyn},
title={Evolutionary demography of iteroparous plants: incorporating non-lethal costs of reproduction into integral projection models},
journal={Proceedings of the Royal Society B: Biological Sciences},
volume={279},
number={1739},
pages={2831-2840},
year={2012},
}

@article{Niiro1966a,
author={F. Niiro and I. Sawashima},
title={On Positive Irreducible Operators in an Arbitrary Banach Lattice and a Problem of H. H. Schaefer},
journal={Proceedings of Japan Academy},
volume={42},
number={7},
pages={677-681},
year=1966},
}

@article{Niiro1966b,
author={F. Niiro and I. Sawashima},
title={On the Spectral Properties of Positive Irreducible Operators in an Arbitrary Banach Lattice and Problems of H. H. Shaefer},
journal={Scientific Papers of the College of General Education, University of Tokyo},
volume={15},
pages={145-183},
year={1966}
}

@article{Nussbaum1970,
author={R.D. Nussbaum},
title={The radius of the essential spectrum},
journal={Duke Mathematical Journal},
volume={38},
pages={473-478},
year={1970},
}

@article{Ohlberger2020,
author={J. Ohlberger and {\O}. Langangen and I. Winfield and Y. Vindenes},
title={The importance of variation in offspring body size for stability in cannibalistic populations},
journal={Oikos},
volume={129},
pages={59-69},
year={2020},
}

@article{Raghavan1965,
author={T.E.S. Raghavan},
title={On Linear Operators Leaving a Convex Set Invariant in Banach Spaces},
journal={The Indian Journal of Statistics},
volume={10},
number={2},
pages={293-302},
year={1965},
}

@article{Rees2002,
author={M. Rees and K.E. Rose},
title={Evolution of flowering strategies in \emph{Oenothera glazioviana}: an integral projection model approach},
journal={Proceedings of the Royal Society B: Biological Sciences},
volume={269},
number={1499},
pages={1509-1515},
year={2002},
}

@book{Rudin1976,
author={W. Rudin},
title={Principles of Mathematical Analysis},
edition={Third},
publisher={McGraw Hill},
year={1976},
}

@book{Rudin1987,
author={W. Rudin},
title={Real and Complex Analysis},
edition={Third},
publisher={McGraw-Hill, New York},
year={1987},
}

@article{Sawashima1964,
author={I. Sawashima},
title={On Spectral Properties of Some Positive Operators},
journal={Natural Science Report, Ochanomizu University},
volume={15},
number={2},
pages={53-64},
year={1964},
}

@book{Schaefer1966,
author={H.H. Schaefer},
title={Topological Vector Spaces},
publisher={The Macmillan Company, New York},
year={1966},
}

@article{Schaefer1960,
author={H.H. Schaefer},
title={Some Properties of Positive Linear Operators},
journal={Pacific Journal of Mathematics},
volume={10},
pages={1009-1019},
year={1960},
}

@article{Stubberud2019,
author={M.W. Stubberud and Y. Vindenes and L.A. V{\o}llestad and I. Winfield and N.C. Stenseth and {\O}. Langangen},
title={Effects of size- and sex-selective harvesting: An integral projection model approach},
journal={Ecology and Evolution},
volume={9},
number={22},
pages={12556-12570},
year={2019},
}

@article{Tenhumberg2015,
author={B. Tenhumberg and T. Suwa and A.J. Tyre and L. Russell and S.M. Louda},
title={Integral projection models show exotic thistle is more limited than native thistle by ambient competition and herbivory},
journal={Ecosphere},
volume={6},
number={4},
pages={1-18},
year={2015},
}


@article{Vindenes2014,
author={Y. Vindenes and E. Edeline and J. Ohlberger and {\O}. Langangen and I.J. Winfield and N.C. Stenseth and L.A. V{\o}llestad},
title={Effects of Climate Change on Trait-Based Dynamics of a Top Predator in Freshwater Ecosystems},
journal={The American Naturalist},
volume={183},
number={2},
pages={243-256},
year={2014},
}

@article{Vindenes2015,
author={Y. Vindenes and {\O}. Langangen},
title={Individual heterogeneity in life histories and eco-evolutionary dynamics},
journal={Ecology Letters},
volume={18},
pages={417-432},
year={2015},
}

@article{Ylikarjula1999,
author={J. Ylikarjula and M. Heino and U. Dieckmann},
title={Ecology and adaptation of stunted growth in fish},
journal={Evolutionary Ecology},
volume={13},
pages={433-453},
year={1999},
}


